@article{Fan2014,
    author = {Jianqing Fan}, 
    title = {Challenges of Big Data analysis},
    journal = {National Science Review},
    year = {2014},
    volume = {1},
    pages = {293-314},
}


@article{Davenport2012,
    author = {Thomas H. Davenport}, 
    title = {How 'Big Data' is Different},
    journal = {MITSloan Management Review},
    year = {2012},
    volume = {54},
}